@inproceedings{kleber2017,
author = {Florian Kleber and Markus Diem and Fabian Hollaus and Stefan Fiel},
title = {Mass Digitization of Archival Documents using Mobile Phones},
booktitle = {Proceedings of the 4th International Workshop on Historical Document Imaging and Processing (HIP '17)},
year = {2017},
pages = {65--70},
publisher = {ACM},
doi = {10.1145/3151509.3151526}
}

@inproceedings{wigington2024,
author = {Curtis Wigington},
title = {Handheld Video Document Scanning: A Robust On-Device Model for Multi-Page Document Scanning},
booktitle = {Proceedings of the ACM Symposium on Document Engineering 2024 (DocEng '24)},
year = {2024},
pages = {1--9},
publisher = {ACM},
doi = {10.1145/3685650.3685662}
}

@article{permana2020,
author = {Indra Surya Permana and Taufik Hidayat and Rahutomo Mahardiko},
title = {Mobile Phone Scanner Technology Adoption – A Comparison Analysis},
year = {2020},
doi = {10.2991/aer.k.211129.071}
}

@article{blessing2023,
author = {Blessing Otubelu and Leonard Ume and Emenike},
title = {Digitization of Library Resources in Academic Libraries: Challenges and Implication},
year = {2023},
doi = {10.9790/0050-0223540}
}

@article{kanojiya2021,
author = {Mehul Kanojiya and Rajkumar Jaiswal and Mahesh Nikam and Keerti Kharatmol},
title = {Android Based Document Scanning And Sharing System},
journal = {International Journal of Creative Research Thoughts (IJCRT)},
year = {2021},
url = {https://ijcrt.org/papers/IJCRT2104354.pdf}
}

@article{hukkeri2022,
author = {Geeta Hukkeri and R Goudar and Prashant Janagond and Pooja Patil},
title = {Machine Learning in OCR Technology: Performance Analysis of Different OCR Methods for Slide-to-Text Conversion in Lecture Videos},
journal = {International Journal of Advanced Computer Science and Applications},
volume = {13},
year = {2022},
doi = {10.14569/IJACSA.2022.0130839}
}

@article{miller2013,
author = {Larisa K. Miller},
title = {All Text Considered: A Perspective on Mass Digitizing and Archival Processing},
journal = {The American Archivist},
volume = {76},
number = {2},
year = {2013},
pages = {521--541},
url = {http://www.jstor.org/stable/43490366}
}

@incollection{luqman2014,
author = {Muzzamil Luqman and Petra Gomez-Krämer and Jean-Marc Ogier},
title = {Mobile Phone Camera-Based Video Scanning of Paper Documents},
booktitle = {Lecture Notes in Computer Science},
volume = {8357},
year = {2014},
pages = {164--178},
doi = {10.1007/978-3-319-05167-3_13}
}

@inproceedings{avyodri2022,
author = {R. Avyodri and S. Lukas and H. Tjahyadi},
title = {Optical Character Recognition (OCR) for Text Recognition and its Post-Processing Method: A Literature Review},
booktitle = {2022 1st International Conference on Technology Innovation and Its Applications (ICTIIA)},
year = {2022},
pages = {1--6},
doi = {10.1109/ICTIIA54654.2022.9935961}
}

@article{lesure2016,
author = {M. LeSure},
title = {Scan apps for phone},
journal = {Journal of Electronic Resources Librarianship},
volume = {28},
number = {2},
pages = {121--122},
year = {2016},
doi = {10.1080/1941126X.2016.1167542}
}

@inproceedings{paliwal2019,
author = {S. S. Paliwal and V. D and R. Rahul and M. Sharma and L. Vig},
title = {TableNet: Deep Learning Model for End-to-end Table Detection and Tabular Data Extraction from Scanned Document Images},
booktitle = {2019 International Conference on Document Analysis and Recognition (ICDAR)},
year = {2019},
pages = {128--133},
doi = {10.1109/ICDAR.2019.00029}
}

@online{keough2024,
author = {Ben Keough and Melanie Pinola},
title = {The Best Mobile Scanning Apps},
year = {2024},
url = {https://www.nytimes.com/wirecutter/reviews/best-mobile-scanning-apps/}
}

@inproceedings{ma2018,
author = {Ke Ma and Zhixin Shu and Xue Bai and Jue Wang and Dimitris Samaras},
title = {DocUNet: Document Image Unwarping via A Stacked U-Net},
booktitle = {Proceedings of IEEE Conference on Computer Vision and Pattern Recognition},
year = {2018}
}

@inproceedings{zhang2021,
author = {Ningyu Zhang and Xiang Chen and Xin Xie and Shumin Deng and Chuanqi Tan and Mosha Chen and Fei Huang and Luo Si and Huajun Chen},
title = {Document-level Relation Extraction as Semantic Segmentation},
booktitle = {Proceedings of the Thirtieth International Joint Conference on Artificial Intelligence (IJCAI-21)},
publisher = {International Joint Conferences on Artificial Intelligence Organization},
editor = {Zhi-Hua Zhou},
pages = {3999--4006},
year = {2021},
month = {8},
doi = {10.24963/ijcai.2021/551},
url = {https://doi.org/10.24963/ijcai.2021/551}
}

@inproceedings{tariq2017,
author = {W. Tariq and N. Khan},
title = {Click-Free, Video-Based Document Capture - Methodology and Evaluation},
booktitle = {2017 14th IAPR International Conference on Document Analysis and Recognition (ICDAR)},
year = {2017},
pages = {21--26},
doi = {10.1109/ICDAR.2017.344}
}

@misc{vincent2006,
author = {Luc Vincent},
title = {Announcing Tesseract OCR},
year = {2006},
url = {https://googlecode.blogspot.com/2006/08/announcing-tesseract-ocr.html}
}

@inproceedings{jiang2015,
author = {B. Jiang and others},
title = {Video-based document image scanning using a mobile device},
booktitle = {2015 International Conference on Image and Vision Computing New Zealand (IVCNZ)},
year = {2015},
pages = {1--6},
doi = {10.1109/IVCNZ.2015.7761529}
}

@book{archive2009,
title = {The Jesuit relations and allied documents: travels and explorations of the Jesuit missionaries in New France, 1610–1791},
year = {2009},
note = {Original French, Latin, and Italian texts with English translations and notes},
url = {https://archive.org/details/jesuitrelationsa10thwa/page/n1/mode/2up}
}

@online{kahle2019,
author = {Brewster Kahle},
title = {Most 20th Century Books Unavailable to Internet Users – We Can Fix That},
year = {2019},
url = {https://blog.archive.org/2019/07/01/most-20th-century-books-unavailable-to-internet-users-we-can-fix-that/},
note = {Internet Archive Blogs}
}
